@article{rwp,
  title={Stochastic properties of the random waypoint mobility model},
  author={Bettstetter, Christian and Hartenstein, Hannes and P{\'e}rez-Costa, Xavier},
  journal={Wireless Networks},
  volume={10},
  number={5},
  pages={555--567},
  year={2004},
  publisher={Springer}
}

@article{bubble,
  title={Bubble rap: Social-based forwarding in delay-tolerant networks},
  author={Hui, Pan and Crowcroft, Jon and Yoneki, Eiko},
  journal={Mobile Computing, IEEE Transactions on},
  volume={10},
  number={11},
  pages={1576--1589},
  year={2011},
  publisher={IEEE}
}

@inproceedings{swim,
  title={SWIM: A simple model to generate small mobile worlds},
  author={Mei, Alessandro and Stefa, Julinda},
  booktitle={INFOCOM 2009, IEEE},
  pages={2106--2113},
  year={2009},
  organization={IEEE}
}

@article{wcm,
  title={Leveraging D2D Multi-Hop Communication Through Social Group Meetings Awareness},
  AUTHOR="Ivan O. Nunes and Pedro {Vaz de Melo} and Antonio {A.F. Loureiro}",
  journal={Accepted for publication: Wireless Communications Magazine, IEEE},
  year={2016},
  publisher={IEEE}
}

@inproceedings{wdm,
  title={Working day movement model},
  author={Ekman, Frans and Ker{\"a}nen, Ari and Karvo, Jouni and Ott, J{\"o}rg},
  booktitle={Proceedings of the 1st ACM SIGMOBILE workshop on Mobility models},
  pages={33--40},
  year={2008},
  organization={ACM}
}

@INPROCEEDINGS{icc,
AUTHOR="Ivan O. Nunes and Pedro {Vaz de Melo} and Antonio {A.F. Loureiro}",
TITLE="Group Mobility: Detection, Tracking and Characterization",
BOOKTITLE="IEEE ICC 2016 International Conference on Communications (ICC'16 SAC-8 SN)",
ADDRESS="Kuala Lumpur, Malaysia",
DAYS=23,
MONTH=may,
YEAR=2016,
KEYWORDS="Human Mobility; Group Detection; Group Dynamics; Periodicity; Opportunistic
Routing",
ABSTRACT="In the era of mobile computing, understanding human mobility patterns is
crucial in order to better design protocols and applications. Many works
focus on different aspects of human mobility such as people's points of
interests, routes, traffic, individual mobility patterns, among others. In
this work we propose to look at human mobility through a social
perspective, i.e., analyse the impact of social groups in mobility
patterns. We use MIT Reality Mining proximity trace to detect, track and
investigate group's evolution throughout time. Our results show that group
meetings happen in a periodical fashion, presenting daily and weekly
periodicity. We analyse how groups' dynamics change over day hours and find
that group meetings that last longer are those with less changes in members
composition and those with members which have stronger social bonds with
each other. Our findings can be used to propose meeting prediction
algorithms, opportunistic routing and information diffusion protocols that
take advantage of those revealed properties."
}

@inproceedings{dist_com,
  title={Distributed community detection in delay tolerant networks},
  author={Hui, Pan and Yoneki, Eiko and Chan, Shu Yan and Crowcroft, Jon},
  booktitle={Proceedings of 2nd ACM/IEEE international workshop on Mobility in the evolving internet architecture},
  pages={7},
  year={2007},
  organization={ACM}
}

@article{levy1,
  title={On the levy-walk nature of human mobility},
  author={Rhee, Injong and Shin, Minsu and Hong, Seongik and Lee, Kyunghan and Kim, Seong Joon and Chong, Song},
  journal={IEEE/ACM transactions on networking (TON)},
  volume={19},
  number={3},
  pages={630--643},
  year={2011},
  publisher={IEEE Press}
}

@inproceedings{levy2,
  title={Extracting a Mobility Model from Real User Traces.},
  author={Kim, Minkyong and Kotz, David and Kim, Songkuk},
  booktitle={INFOCOM},
  volume={6},
  pages={1--13},
  year={2006}
}

@article{fractal,
  title={Demystifying the levy-walk nature of human walks},
  author={Rhee, I and Lee, K and Hong, S and Kim, SJ and Chong, S},
  journal={Techical Report, NCSU, http://netsrv. csc. ncsu. edu/export/Demystifying Levy Walk Patterns. pdf},
  year={2008}
}

@article{calibrating,
  title={Calibrating trajectory data for spatio-temporal similarity analysis},
  author={Su, Han and Zheng, Kai and Huang, Jiamin and Wang, Haozhou and Zhou, Xiaofang},
  journal={The VLDB Journalâ€”The International Journal on Very Large Data Bases},
  volume={24},
  number={1},
  pages={93--116},
  year={2015},
  publisher={Springer-Verlag New York, Inc.}
}

@inproceedings{traffic1,
  title={Congestion evaluation from traffic flow information based on fuzzy logic},
  author={Lu, Jia and Cao, Li},
  booktitle={Intelligent Transportation Systems, 2003. Proceedings. 2003 IEEE},
  volume={1},
  pages={50--53},
  year={2003},
  organization={IEEE}
}

@inproceedings{traffic2,
  title={Road traffic congestion detection through cooperative vehicle-to-vehicle communications},
  author={Bauza, Ramon and Gozalvez, Javier and Sanchez-Soriano, Joaquin},
  booktitle={Local Computer Networks (LCN), 2010 IEEE 35th Conference on},
  pages={606--612},
  year={2010},
  organization={IEEE}
}

@article{traffic3,
  title={A cooperative approach to traffic congestion detection with complex event processing and VANET},
  author={Terroso-S{\'a}enz, Fernando and Vald{\'e}s-Vela, Mercedes and Sotomayor-Mart{\'\i}nez, Cristina and Toledo-Moreo, Rafael and G{\'o}mez-Skarmeta, Antonio F},
  journal={Intelligent Transportation Systems, IEEE Transactions on},
  volume={13},
  number={2},
  pages={914--929},
  year={2012},
  publisher={IEEE}
}

@article{weather,
  title={Weather adaptive traffic prediction using neurowavelet models},
  author={Dunne, Stephen and Ghosh, Bablu},
  journal={Intelligent Transportation Systems, IEEE Transactions on},
  volume={14},
  number={1},
  pages={370--379},
  year={2013},
  publisher={IEEE}
}



@inproceedings{slaw,
  title={Slaw: A new mobility model for human walks},
  author={Lee, Kyunghan and Hong, Seongik and Kim, Seong Joon and Rhee, Injong and Chong, Song},
  booktitle={INFOCOM 2009, IEEE},
  pages={855--863},
  year={2009},
  organization={IEEE}
}

@inproceedings{chen2010group,
  title={Group detection in mobility traces},
  author={Chen, Yung-Chih and Rosensweig, Elisha and Kurose, Jim and Towsley, Don},
  booktitle={Proceedings of the 6th international wireless communications and mobile computing conference},
  pages={875--879},
  year={2010},
  organization={ACM}
}

@article{survey1,
  title={A Taxonomy and Survey of Microscopic Mobility Models from the Mobile Networking Domain},
  author={Treurniet, Joanne},
  journal={ACM Computing Surveys (CSUR)},
  volume={47},
  number={1},
  pages={14},
  year={2014},
  publisher={ACM}
}

@inproceedings{mobicom2011,
  title={Overlapping communities in dynamic networks: their detection and mobile applications},
  author={Nguyen, Nam P and Dinh, Thang N and Tokala, Sindhura and Thai, My T},
  booktitle={Proceedings of the 17th annual international conference on Mobile computing and networking},
  pages={85--96},
  year={2011},
  organization={ACM}
}


@article{survey2,
author = {Karamshuk, D and Boldrini, Chiara and Conti, M and Passarella, A},
doi = {10.1109/MCOM.2011.6094021},
issn = {0163-6804},
journal = {Communications Magazine, IEEE},
keywords = {mobile ad hoc networks;mobile handsets;MANET netwo},
number = {12},
pages = {157--165},
title = {{Human mobility models for opportunistic networks}},
volume = {49},
year = {2011}
}

@article{survey3,
address = {Amsterdam, The Netherlands, The Netherlands},
author = {Aschenbruck, Nils and Munjal, Aarti and Camp, Tracy},
doi = {10.1016/j.comcom.2010.11.002},
issn = {0140-3664},
journal = {Comput. Commun.},
keywords = {Mobility modeling,Movement traces,Trace-based analysis},
number = {6},
pages = {704--714},
publisher = {Elsevier Science Publishers B. V.},
title = {{Trace-based Mobility Modeling for Multi-hop Wireless Networks}},
url = {http://dx.doi.org/10.1016/j.comcom.2010.11.002},
volume = {34},
year = {2011}
}

@inproceedings{zhang2014,
  title={Exploring human mobility with multi-source data at extremely large metropolitan scales},
  author={Zhang, Desheng and Huang, Jun and Li, Ye and Zhang, Fan and Xu, Chengzhong and He, Tian},
  booktitle={Proceedings of the 20th annual international conference on Mobile computing and networking},
  pages={201--212},
  year={2014},
  organization={ACM}
}


@inproceedings{kang2011mobility,
  title={Mobility model based on social community detection scheme},
  author={Kang, GuoDong and Diaz, Michel and Perennou, Tanguy and Senac, Patrick and Xu, Jiadong},
  booktitle={Cross Strait Quad-Regional Radio Science and Wireless Technology Conference (CSQRWC), 2011},
  volume={1},
  pages={769--773},
  year={2011},
  organization={IEEE}
}


@inproceedings{group_mob_gerla,
  title={A group mobility model for ad hoc wireless networks},
  author={Hong, Xiaoyan and Gerla, Mario and Pei, Guangyu and Chiang, Ching-Chuan},
  booktitle={Proceedings of the 2nd ACM international workshop on Modeling, analysis and simulation of wireless and mobile systems},
  pages={53--60},
  year={1999},
  organization={ACM}
}



@article{anchor,
  title={Calibrating trajectory data for spatio-temporal similarity analysis},
  author={Su, Han and Zheng, Kai and Huang, Jiamin and Wang, Haozhou and Zhou, Xiaofang},
  journal={The VLDB Journal},
  volume={24},
  number={1},
  pages={93--116},
  year={2015},
  publisher={Springer}
}

@article{nature,
  title={Understanding individual human mobility patterns},
  author={Gonzalez, Marta C and Hidalgo, Cesar A and Barabasi, Albert-Laszlo},
  journal={Nature},
  volume={453},
  number={7196},
  pages={779--782},
  year={2008},
  publisher={Nature Publishing Group}
}

@article{tale,
  title={A tale of many cities: universal patterns in human urban mobility},
  author={Noulas, Anastasios and Scellato, Salvatore and Lambiotte, Renaud and Pontil, Massimiliano and Mascolo, Cecilia},
  journal={PloS one},
  volume={7},
  number={5},
  pages={e37027},
  year={2012},
  publisher={Public Library of Science}
}

@inproceedings{2013challenges,
  title={Challenges and opportunities on the large scale study of city dynamics using participatory sensing},
  author={Silva, Thiago H and Vaz de Melo, Pedro OS and Almeida, Jussara M and Loureiro, Antonio AF},
  booktitle={Computers and Communications (ISCC), 2013 IEEE Symposium on},
  pages={000528--000534},
  year={2013},
  organization={IEEE}
}

@article{2014large,
  title={Large-scale study of city dynamics and urban social behavior using participatory sensing},
  author={Silva, Thiago H and Vaz De Melo, Pedro OS and Almeida, Jussara M and Loureiro, Antonio AF},
  journal={Wireless Communications, IEEE},
  volume={21},
  number={1},
  pages={42--51},
  year={2014},
  publisher={IEEE}
}

@article{2014revealing,
  title={Revealing the City That We Cannot See},
  author={Silva, Thiago H and Vaz de Melo, Pedro OS and Almeida, Jussara M and Salles, Juliana and Loureiro, Antonio AF},
  journal={ACM Transactions on Internet Technology (TOIT)},
  volume={14},
  number={4},
  pages={26},
  year={2014},
  publisher={ACM}
}

@inproceedings{2013recast,
  title={Recast: Telling apart social and random relationships in dynamic networks},
  author={Vaz de Melo, Pedro OS and Viana, Aline C and Fiore, Marco and Jaffr{\`e}s-Runser, Katia and Le Mou{\"e}l, Fr{\'e}d{\'e}ric and Loureiro, Antonio AF},
  booktitle={Proceedings of the 16th ACM international conference on Modeling, analysis \& simulation of wireless and mobile systems},
  pages={327--334},
  year={2013},
  organization={ACM}
}

@article{poi_mining,
  title={Mining significant semantic locations from GPS data},
  author={Cao, Xin and Cong, Gao and Jensen, Christian S},
  journal={Proceedings of the VLDB Endowment},
  volume={3},
  number={1-2},
  pages={1009--1020},
  year={2010},
  publisher={VLDB Endowment}
}

@inproceedings{popular1,
  title={Constructing popular routes from uncertain trajectories},
  author={Wei, Ling-Yin and Zheng, Yu and Peng, Wen-Chih},
  booktitle={Proceedings of the 18th ACM SIGKDD international conference on Knowledge discovery and data mining},
  pages={195--203},
  year={2012},
  organization={ACM}
}

@inproceedings{popular2,
  title={Discovering popular routes from trajectories},
  author={Chen, Zaiben and Shen, Heng Tao and Zhou, Xiaofang},
  booktitle={Data Engineering (ICDE), 2011 IEEE 27th International Conference on},
  pages={900--911},
  year={2011},
  organization={IEEE}
}

@article{travel,
  title={Learning travel recommendations from user-generated GPS traces},
  author={Zheng, Yu and Xie, Xing},
  journal={ACM Transactions on Intelligent Systems and Technology (TIST)},
  volume={2},
  number={1},
  pages={2},
  year={2011},
  publisher={ACM}
}

@article{friends,
  title={Recommending friends and locations based on individual location history},
  author={Zheng, Yu and Zhang, Lizhu and Ma, Zhengxin and Xie, Xing and Ma, Wei-Ying},
  journal={ACM Transactions on the Web (TWEB)},
  volume={5},
  number={1},
  pages={5},
  year={2011},
  publisher={ACM}
}


@article{2014eatdrink,
  title={You are what you eat (and drink): Identifying cultural boundaries by analyzing food \& drink habits in foursquare},
  author={Silva, Thiago H and de Melo, Pedro OS and Almeida, Jussara and Musolesi, Mirco and Loureiro, Antonio},
  journal={arXiv preprint arXiv:1404.1009},
  year={2014}
}

@inproceedings{2014check,
  title={You Are Your Check-In: Understanding the Behavior of Tourists and Residents Using Data from Foursquare},
  author={Ferreira, Ana Paula Gomes and Silva, Thiago Henrique and Loureiro, Antonio Alfredo Ferreira},
  booktitle={Proceedings of the 20th Brazilian Symposium on Multimedia and the Web},
  pages={103--110},
  year={2014},
  organization={ACM}
}

@inproceedings{geolife1,
  title={Mining interesting locations and travel sequences from GPS trajectories},
  author={Zheng, Yu and Zhang, Lizhu and Xie, Xing and Ma, Wei-Ying},
  booktitle={Proceedings of the 18th international conference on World wide web},
  pages={791--800},
  year={2009},
  organization={ACM}
}

@article{climate,
  title={Impacts of flooding and climate change on urban transportation: A systemwide performance assessment of the Boston Metro Area},
  author={Suarez, Pablo and Anderson, William and Mahal, Vijay and Lakshmanan, TR},
  journal={Transportation Research Part D: transport and environment},
  volume={10},
  number={3},
  pages={231--244},
  year={2005},
  publisher={Elsevier}
}

@article{0911,
  title={Eyjafjallaj{\"o}kull and 9/11: The impact of large-scale disasters on worldwide mobility},
  author={Woolley-Meza, Olivia and Grady, Daniel and Thiemann, Christian and Bagrow, James P and Brockmann, Dirk},
  journal={PloS one},
  volume={8},
  number={8},
  pages={e69829},
  year={2013},
  publisher={Public Library of Science}
}


@incollection{events,
  title={The geography of taste: analyzing cell-phone mobility and social events},
  author={Calabrese, Francesco and Pereira, Francisco C and Di Lorenzo, Giusy and Liu, Liang and Ratti, Carlo},
  booktitle={Pervasive computing},
  pages={22--37},
  year={2010},
  publisher={Springer}
}


@article{manet,
  title={Impact of node mobility on MANET routing protocols models},
  author={Divecha, Bhavyesh and Abraham, Ajith and Grosan, Crina and Sanyal, Sugata},
  journal={Journal of Digital Information Management},
  volume={5},
  number={1},
  pages={19},
  year={2007},
  publisher={Digital Information Research Foundation}
}


@article{intro3,
  title={Modelling disease outbreaks in realistic urban social networks},
  author={Eubank, Stephen and Guclu, Hasan and Kumar, VS Anil and Marathe, Madhav V and Srinivasan, Aravind and Toroczkai, Zoltan and Wang, Nan},
  journal={Nature},
  volume={429},
  number={6988},
  pages={180--184},
  year={2004},
  publisher={Nature Publishing Group}
}


@inproceedings{intro1,
  title={Understanding individual and collective mobility patterns from smart card records: A case study in Shenzhen},
  author={Liu, Liang and Hou, Anyang and Biderman, Assaf and Ratti, Carlo and Chen, Jun},
  booktitle={Intelligent Transportation Systems, 2009. ITSC'09. 12th International IEEE Conference on},
  pages={1--6},
  year={2009},
  organization={IEEE}
}

@article{intro2,
  title={Traffic flow forecasting: comparison of modeling approaches},
  author={Smith, Brian L and Demetsky, Michael J},
  journal={Journal of transportation engineering},
  volume={123},
  number={4},
  pages={261--266},
  year={1997},
  publisher={American Society of Civil Engineers}
}

@inproceedings{zheng2008understanding,
  title={Understanding mobility based on GPS data},
  author={Zheng, Yu and Li, Quannan and Chen, Yukun and Xie, Xing and Ma, Wei-Ying},
  booktitle={Proceedings of the 10th international conference on Ubiquitous computing},
  pages={312--321},
  year={2008},
  organization={ACM}
}

@article{zheng2010geolife,
  title={GeoLife: A Collaborative Social Networking Service among User, Location and Trajectory.},
  author={Zheng, Yu and Xie, Xing and Ma, Wei-Ying},
  journal={IEEE Data Eng. Bull.},
  volume={33},
  number={2},
  pages={32--39},
  year={2010},
  publisher={Citeseer}
}

@inproceedings{chen2010group,
  title={Group detection in mobility traces},
  author={Chen, Yung-Chih and Rosensweig, Elisha and Kurose, Jim and Towsley, Don},
  booktitle={Proceedings of the 6th international wireless communications and mobile computing conference},
  pages={875--879},
  year={2010},
  organization={ACM}
}


@article{survey2,
author = {Karamshuk, D and Boldrini, Chiara and Conti, M and Passarella, A},
doi = {10.1109/MCOM.2011.6094021},
issn = {0163-6804},
journal = {Communications Magazine, IEEE},
keywords = {mobile ad hoc networks;mobile handsets;MANET netwo},
number = {12},
pages = {157--165},
title = {{Human mobility models for opportunistic networks}},
volume = {49},
year = {2011}
}

@article{chrobok,
  title={Different methods of traffic forecast based on real data},
  author={Chrobok, Roland and Kaumann, O and Wahle, Joachim and Schreckenberg, Michael},
  journal={European Journal of Operational Research},
  volume={155},
  number={3},
  pages={558--568},
  year={2004},
  publisher={Elsevier}
}


@article{bengtsson,
  title={Improved response to disasters and outbreaks by tracking population movements with mobile phone network data: a post-earthquake geospatial study in Haiti},
  author={Bengtsson, Linus and Lu, Xin and Thorson, Anna and Garfield, Richard and Von Schreeb, Johan},
  journal={PLoS medicine},
  volume={8},
  number={8},
  pages={1128},
  year={2011}
}

@inproceedings{becker,
  title={Route classification using cellular handoff patterns},
  author={Becker, Richard A and Caceres, Ramon and Hanson, Karrie and Loh, Ji Meng and Urbanek, Simon and Varshavsky, Alexander and Volinsky, Chris},
  booktitle={Proceedings of the 13th international conference on Ubiquitous computing},
  pages={123--132},
  year={2011},
  organization={ACM}
}


@article{survey3,
address = {Amsterdam, The Netherlands, The Netherlands},
author = {Aschenbruck, Nils and Munjal, Aarti and Camp, Tracy},
doi = {10.1016/j.comcom.2010.11.002},
issn = {0140-3664},
journal = {Comput. Commun.},
keywords = {Mobility modeling,Movement traces,Trace-based analysis},
number = {6},
pages = {704--714},
publisher = {Elsevier Science Publishers B. V.},
title = {{Trace-based Mobility Modeling for Multi-hop Wireless Networks}},
url = {http://dx.doi.org/10.1016/j.comcom.2010.11.002},
volume = {34},
year = {2011}
}

@inproceedings{zhang2014,
  title={Exploring human mobility with multi-source data at extremely large metropolitan scales},
  author={Zhang, Desheng and Huang, Jun and Li, Ye and Zhang, Fan and Xu, Chengzhong and He, Tian},
  booktitle={Proceedings of the 20th annual international conference on Mobile computing and networking},
  pages={201--212},
  year={2014},
  organization={ACM}
}


@inproceedings{kang2011mobility,
  title={Mobility model based on social community detection scheme},
  author={Kang, GuoDong and Diaz, Michel and Perennou, Tanguy and Senac, Patrick and Xu, Jiadong},
  booktitle={Cross Strait Quad-Regional Radio Science and Wireless Technology Conference (CSQRWC), 2011},
  volume={1},
  pages={769--773},
  year={2011},
  organization={IEEE}
}

@misc{mobdev,
  title = {There are officially more mobile devices than people in the world},
  howpublished = {\url{http://www.independent.co.uk/life-style/gadgets-and-tech/news/there-are-officially-more-mobile-devices-than-people-in-the-world-9780518.html}},
  note = {Accessed: 2010-09-30}
}

@inproceedings{group_mob,
  title={A group mobility model for ad hoc wireless networks},
  author={Hong, Xiaoyan and Gerla, Mario and Pei, Guangyu and Chiang, Ching-Chuan},
  booktitle={Proceedings of the 2nd ACM international workshop on Modeling, analysis and simulation of wireless and mobile systems},
  pages={53--60},
  year={1999},
  organization={ACM}
}

@article{individual_mob,
  title={Understanding individual human mobility patterns},
  author={Gonzalez, Marta C and Hidalgo, Cesar A and Barabasi, Albert-Laszlo},
  journal={Nature},
  volume={453},
  number={7196},
  pages={779--782},
  year={2008},
  publisher={Nature Publishing Group}
}

@article{anchor,
  title={Calibrating trajectory data for spatio-temporal similarity analysis},
  author={Su, Han and Zheng, Kai and Huang, Jiamin and Wang, Haozhou and Zhou, Xiaofang},
  journal={The VLDB Journal},
  volume={24},
  number={1},
  pages={93--116},
  year={2015},
  publisher={Springer}
}

@article{nature,
  title={Understanding individual human mobility patterns},
  author={Gonzalez, Marta C and Hidalgo, Cesar A and Barabasi, Albert-Laszlo},
  journal={Nature},
  volume={453},
  number={7196},
  pages={779--782},
  year={2008},
  publisher={Nature Publishing Group}
}

@article{tale,
  title={A tale of many cities: universal patterns in human urban mobility},
  author={Noulas, Anastasios and Scellato, Salvatore and Lambiotte, Renaud and Pontil, Massimiliano and Mascolo, Cecilia},
  journal={PloS one},
  volume={7},
  number={5},
  pages={e37027},
  year={2012},
  publisher={Public Library of Science}
}

@inproceedings{2013challenges,
  title={Challenges and opportunities on the large scale study of city dynamics using participatory sensing},
  author={Silva, Thiago H and Vaz de Melo, Pedro OS and Almeida, Jussara M and Loureiro, Antonio AF},
  booktitle={Computers and Communications (ISCC), 2013 IEEE Symposium on},
  pages={000528--000534},
  year={2013},
  organization={IEEE}
}

@article{2014large,
  title={Large-scale study of city dynamics and urban social behavior using participatory sensing},
  author={Silva, Thiago H and Vaz De Melo, Pedro OS and Almeida, Jussara M and Loureiro, Antonio AF},
  journal={Wireless Communications, IEEE},
  volume={21},
  number={1},
  pages={42--51},
  year={2014},
  publisher={IEEE}
}

@article{dartmouth,
  title={The changing usage of a mature campus-wide wireless network},
  author={Henderson, Tristan and Kotz, David and Abyzov, Ilya},
  journal={Computer Networks},
  volume={52},
  number={14},
  pages={2690--2712},
  year={2008},
  publisher={Elsevier}
}

@article{infocom,
  title={Impact of human mobility on opportunistic forwarding algorithms},
  author={Chaintreau, Augustin and Hui, Pan and Crowcroft, Jon and Diot, Christophe and Gass, Richard and Scott, James},
  journal={Mobile Computing, IEEE Transactions on},
  volume={6},
  number={6},
  pages={606--620},
  year={2007},
  publisher={IEEE}
}

@inproceedings{mobdatu,
  title={MobDatU: Um Novo Modelo de Previsao de Mobilidade Humana para Dados Heterog{\^e}neos},
  author={Silveira, Lucas Maia and Almeida, Jussara M and Marques-Neto, Humberto and Ziviani, Artur and Petr{\'o}polis, RJ},
  booktitle={Proceedings of the XXXIII Brazilian Symposium on Computer Networks and Distributed Systems},
  year={2015}
}

@INPROCEEDINGS{140454,
    AUTHOR="Ivan de Oliveira Nunes and Luiz Filipe Vieira and Antonio Alfredo Ferreira Loureiro",
    TITLE="Fault Tolerance in Strongly Minimum Energy Topology with MLD: A Distributed, Energy Efficient yet Simple Protocol",
    BOOKTITLE="SBRC 2015 - WTF () ",
    DAYS="18-18",
    MONTH="may",
    YEAR="2015",
} 

@article{mit,
  title={Reality mining: sensing complex social systems},
  author={Eagle, Nathan and Pentland, Alex},
  journal={Personal and ubiquitous computing},
  volume={10},
  number={4},
  pages={255--268},
  year={2006},
  publisher={Springer-Verlag}
}


@article{usc,
  title={Impact: Investigation of mobile-user patterns across university campuses using wlan trace analysis},
  author={Hsu, Wei-jen and Helmy, Ahmed},
  journal={arXiv preprint cs/0508009},
  year={2005}
}

@inproceedings{recast,
  title={Recast: Telling apart social and random relationships in dynamic networks},
  author={Vaz de Melo, Pedro OS and Viana, Aline C and Fiore, Marco and Jaffr{\`e}s-Runser, Katia and Le Mou{\"e}l, Fr{\'e}d{\'e}ric and Loureiro, Antonio AF},
  booktitle={Proceedings of the 16th ACM international conference on Modeling, analysis \& simulation of wireless and mobile systems},
  pages={327--334},
  year={2013},
  organization={ACM}
}

@article{2014eatdrink,
  title={You are what you eat (and drink): Identifying cultural boundaries by analyzing food \& drink habits in foursquare},
  author={Silva, Thiago H and de Melo, Pedro OS and Almeida, Jussara and Musolesi, Mirco and Loureiro, Antonio},
  journal={arXiv preprint arXiv:1404.1009},
  year={2014}
}

@inproceedings{2014check,
  title={You Are Your Check-In: Understanding the Behavior of Tourists and Residents Using Data from Foursquare},
  author={Ferreira, Ana Paula Gomes and Silva, Thiago Henrique and Loureiro, Antonio Alfredo Ferreira},
  booktitle={Proceedings of the 20th Brazilian Symposium on Multimedia and the Web},
  pages={103--110},
  year={2014},
  organization={ACM}
}

@article{Weiser:1999:CSC:329124.329126,
 author = {Weiser, Mark},
 title = {The computer for the 21st century},
 journal = {SIGMOBILE Mob. Comput. Commun. Rev.},
 volume = {3},
 issue = {3},
 month = {July},
 year = {1999},
 issn = {1559-1662},
 pages = {3--11},
 numpages = {9},
 url = {http://doi.acm.org/10.1145/329124.329126},
 doi = {http://doi.acm.org/10.1145/329124.329126},
 acmid = {329126},
 publisher = {ACM},
 address = {New York, NY, USA},
} 

@article{Sadri:2011:AIS:1978802.1978815,
 author = {Sadri, Fariba},
 title = {Ambient intelligence: A survey},
 journal = {ACM Comput. Surv.},
 issue_date = {October 2011},
 volume = {43},
 issue = {4},
 month = oct,
 year = {2011},
 issn = {0360-0300},
 pages = {36:1--36:66},
 articleno = {36},
 numpages = {66},
 url = {http://doi.acm.org/10.1145/1978802.1978815},
 doi = {http://doi.acm.org/10.1145/1978802.1978815},
 acmid = {1978815},
 publisher = {ACM},
 address = {New York, NY, USA},
 keywords = {Ambient intelligence, agents, assisted living, multiagent systems, social and ethical issues},
} 

@article{Ilarri:2010:LQP:1670679.1670682,
 author = {Ilarri, Sergio and Mena, Eduardo and Illarramendi, Arantza},
 title = {Location-dependent query processing: Where we are and where we are heading},
 journal = {ACM Comput. Surv.},
 issue_date = {March 2010},
 volume = {42},
 issue = {3},
 month = {March},
 year = {2010},
 issn = {0360-0300},
 pages = {12:1--12:73},
 articleno = {12},
 numpages = {73},
 url = {http://doi.acm.org/10.1145/1670679.1670682},
 doi = {http://doi.acm.org/10.1145/1670679.1670682},
 acmid = {1670682},
 publisher = {ACM},
 address = {New York, NY, USA},
 keywords = {Continuous queries, location-based services, location-dependent data, location-dependent queries, mobile computing, query processing},
} 

@ARTICLE{Ilarri:6062545, 
author={Ilarri, Sergio and lllarramendi, Arantza and Mena, Eduardo and Sheth, Amit}, 
journal={Internet Computing, IEEE}, 
title={Semantics in Location-Based Services [Guest editor's introduction]}, 
year={2011}, 
month={nov.-dec. }, 
volume={15}, 
number={6}, 
pages={10 -14}, 
keywords={}, 
doi={10.1109/MIC.2011.156}, 
ISSN={1089-7801},
}

@article{Dey:2001:UUC:593570.593572,
 author = {Dey, Anind K.},
 title = {Understanding and Using Context},
 journal = {Personal Ubiquitous Comput.},
 volume = {5},
 issue = {1},
 month = {January},
 year = {2001},
 issn = {1617-4909},
 pages = {4--7},
 numpages = {4},
 url = {http://dx.doi.org/10.1007/s007790170019},
 doi = {http://dx.doi.org/10.1007/s007790170019},
 acmid = {593572},
 publisher = {Springer-Verlag},
 address = {London, UK},
} 

@article{Ye2011,
title = "Situation identification techniques in pervasive computing: A review",
journal = "Pervasive and Mobile Computing",
volume = "",
number = "0",
pages = " - ",
year = "2011",
note = "",
issn = "1574-1192",
doi = "10.1016/j.pmcj.2011.01.004",
url = "http://www.sciencedirect.com/science/article/pii/S1574119211000253",
author = "Juan Ye and Simon Dobson and Susan McKeever",
keywords = "Pervasive computing",
keywords = "Context modelling",
keywords = "Situation identification",
keywords = "Uncertain reasoning",
keywords = "Temporal reasoning",
keywords = "Machine learning",
keywords = "Data mining",
keywords = "Ontologies"
}

@ARTICLE{George:5434384, 
author={George, S.M. and Wei Zhou and Chenji, H. and Myounggyu Won and Yong Oh Lee and Pazarloglou, A. and Stoleru, R. and Barooah, P.}, 
journal={Communications Magazine, IEEE}, 
title={DistressNet: a wireless ad hoc and sensor network architecture for situation management in disaster response}, 
year={2010}, 
month={march }, 
volume={48}, 
number={3}, 
pages={128 -136}, 
keywords={DistressNet;congestion minimisation;disaster response;distributed collaborative sensing;multichannel radio protocol;resource localisation;situation management;situational awareness;topology management;topology-aware routing;wireless ad hoc network architecture;wireless sensor network architecture;ad hoc networks;disasters;routing protocols;telecommunication network management;telecommunication network topology;wireless sensor networks;}, 
doi={10.1109/MCOM.2010.5434384}, 
ISSN={0163-6804},}

@ARTICLE{Anagnostopoulos:5710937, 
author={Anagnostopoulos, C. and Hadjiefthymiades, S. and Zervas, E.}, 
journal={Mobile Computing, IEEE Transactions on}, 
title={Information Dissemination between Mobile Nodes for Collaborative Context Awareness}, 
year={2011}, 
month={dec. }, 
volume={10}, 
number={12}, 
pages={1710 -1725}, 
keywords={Markov process;ad hoc networking;collaborative context awareness;hierarchical information model;information diffusion process;information dissemination;information spreading;mobile nodes;virus spreading;Markov processes;ad hoc networks;mobile computing;ubiquitous computing;}, 
doi={10.1109/TMC.2011.19}, 
ISSN={1536-1233},}

@article{Yick20082292,
title = "Wireless sensor network survey",
journal = "Computer Networks",
volume = "52",
number = "12",
pages = "2292 - 2330",
year = "2008",
note = "",
issn = "1389-1286",
doi = "10.1016/j.comnet.2008.04.002",
url = "http://www.sciencedirect.com/science/article/pii/S1389128608001254",
author = "Jennifer Yick and Biswanath Mukherjee and Dipak Ghosal",
keywords = "Wireless sensor network",
keywords = "Protocols",
keywords = "Sensor network services",
keywords = "Sensor network deployment",
keywords = "Survey"
}

@INPROCEEDINGS{Frank:5766954, 
author={Frank, K. and Rockl, M. and Pfeifer, T.}, 
booktitle={Pervasive Computing and Communications Workshops (PERCOM Workshops), 2011 IEEE International Conference on}, 
title={Intelligent information dissemination in collaborative, context-aware environments}, 
year={2011}, 
month={march}, 
volume={}, 
number={}, 
pages={56 -62}, 
keywords={battery life;collaborative context-aware environments;context inference;information exchange;intelligent information dissemination;mobile computing environments;mobile devices processing power;ubiquitous computing environments;vehicle-to-vehicle communications;wireless channel;inference mechanisms;information dissemination;mobile computing;traffic engineering computing;vehicular ad hoc networks;}, 
doi={10.1109/PERCOMW.2011.5766954}, 
ISSN={},}

@article{Junglas:2008:LS:1325555.1325568,
 author = {Junglas, Iris A. and Watson, Richard T.},
 title = {Location-based services},
 journal = {Commun. ACM},
 volume = {51},
 issue = {3},
 month = {March},
 year = {2008},
 issn = {0001-0782},
 pages = {65--69},
 numpages = {5},
 url = {http://doi.acm.org/10.1145/1325555.1325568},
 doi = {http://doi.acm.org/10.1145/1325555.1325568},
 acmid = {1325568},
 publisher = {ACM},
 address = {New York, NY, USA},
} 

@article{Bettini:2010:SCM:1755254.1755484,
 author = {Bettini, Claudio and Brdiczka, Oliver and Henricksen, Karen and Indulska, Jadwiga and Nicklas, Daniela and Ranganathan, Anand and Riboni, Daniele},
 title = {A survey of context modelling and reasoning techniques},
 journal = {Pervasive Mob. Comput.},
 volume = {6},
 issue = {2},
 month = {April},
 year = {2010},
 issn = {1574-1192},
 pages = {161--180},
 numpages = {20},
 url = {http://dx.doi.org/10.1016/j.pmcj.2009.06.002},
 doi = {http://dx.doi.org/10.1016/j.pmcj.2009.06.002},
 acmid = {1755484},
 publisher = {Elsevier Science Publishers B. V.},
 address = {Amsterdam, The Netherlands, The Netherlands},
 keywords = {Context management, Context modelling, Context reasoning, Quality of context, Situation modelling},
} 

@INPROCEEDINGS{Cayci:5361663, 
author={Cayci, A. and Gomes, J.B. and Zanda, A. and Menasalvas, E. and Eibe, S.}, 
booktitle={Mobile Ubiquitous Computing, Systems, Services and Technologies, 2009. UBICOMM '09. Third International Conference on}, 
title={Situation-Aware Data Mining Service for Ubiquitous Environments}, 
year={2009}, 
month={oct.}, 
volume={}, 
number={}, 
pages={135 -140}, 
keywords={context-awareness;pervasive computing devices;resource-awareness;situation-aware data mining service;ubiquitous environments;data mining;fault tolerant computing;ubiquitous computing;}, 
doi={10.1109/UBICOMM.2009.17}, 
ISSN={},}


@ARTICLE{Anagnostopoulos:5175274, 
author={Anagnostopoulos, C. and Hadjiefthymiades, S.}, 
journal={Systems, Man and Cybernetics, Part A: Systems and Humans, IEEE Transactions on}, 
title={Advanced Inference in Situation-Aware Computing}, 
year={2009}, 
month={sept. }, 
volume={39}, 
number={5}, 
pages={1108 -1115}, 
keywords={advanced inference;context aware computing;environmental parameter sensor;fuzzy inference engine;fuzzy set theory;fuzzy set theory;inference mechanisms;knowledge representation;ubiquitous computing;}, 
doi={10.1109/TSMCA.2009.2025023}, 
ISSN={1083-4427},}

@ARTICLE{Dijiang:5621979, 
author={Dijiang Huang and Xiaoyan Hong and Gerla, M.}, 
journal={Communications Magazine, IEEE}, 
title={Situation-aware trust architecture for vehicular networks}, 
year={2010}, 
month={november }, 
volume={48}, 
number={11}, 
pages={128 -135}, 
keywords={attribute-based policy control model;data trust;decentralized trust framework;dynamic communication environment;email-based social network trust system;entity trust;identity-based cryptography;proactive trust model;security policy enforcement;situation-aware trust architecture;vehicular ad hoc network;vehicular network;ad hoc networks;cryptography;electronic mail;mobile computing;mobile radio;social networking (online);telecommunication security;}, 
doi={10.1109/MCOM.2010.5621979}, 
ISSN={0163-6804},}

@book{Krumm:2009:UCF:1803789,
 author = {Krumm, John},
 title = {Ubiquitous Computing Fundamentals},
 year = {2009},
 isbn = {1420093606, 9781420093605},
 edition = {1st},
 publisher = {Chapman \& Hall/CRC},
} 


@article{palla2007,
  title={Quantifying social group evolution},
  author={Palla, Gergely and Barab{\'a}si, Albert-L{\'a}szl{\'o} and Vicsek, Tam{\'a}s},
  journal={Nature},
  volume={446},
  number={7136},
  pages={664--667},
  year={2007},
  publisher={Nature Publishing Group}
}

@article{palla2005,
  title={Uncovering the overlapping community structure of complex networks in nature and society},
  author={Palla, Gergely and Der{\'e}nyi, Imre and Farkas, Ill{\'e}s and Vicsek, Tam{\'a}s},
  journal={Nature},
  volume={435},
  number={7043},
  pages={814--818},
  year={2005},
  publisher={Nature Publishing Group}
}

@article{c1,
  title={Core-Based Dynamic Community Detection in Mobile Social Networks},
  author={Xu, Hao and Hu, Yanli and Wang, Zhenwen and Ma, Jianwei and Xiao, Weidong},
  journal={Entropy},
  volume={15},
  number={12},
  pages={5419--5438},
  year={2013},
  publisher={Multidisciplinary Digital Publishing Institute}
}

@inproceedings{c2,
  title={Overlapping communities in dynamic networks: their detection and mobile applications},
  author={Nguyen, Nam P and Dinh, Thang N and Tokala, Sindhura and Thai, My T},
  booktitle={Proceedings of the 17th annual international conference on Mobile computing and networking},
  pages={85--96},
  year={2011},
  organization={ACM}
}

@article{copra,
  title={Finding overlapping communities in networks by label propagation},
  author={Gregory, Steve},
  journal={New Journal of Physics},
  volume={12},
  number={10},
  pages={103018},
  year={2010},
  publisher={IOP Publishing}
}

@inproceedings{parameters,
  title={Estimating network parameters for selecting community detection algorithms},
  author={Peel, Leto},
  booktitle={Information Fusion (FUSION), 2010 13th Conference on},
  pages={1--8},
  year={2010},
  organization={IEEE}
}

@inproceedings{separability,
  title={On the separability of structural classes of communities},
  author={Abrahao, Bruno and Soundarajan, Sucheta and Hopcroft, John and Kleinberg, Robert},
  booktitle={Proceedings of the 18th ACM SIGKDD international conference on Knowledge discovery and data mining},
  pages={624--632},
  year={2012},
  organization={ACM}
}

@article{D2Dbubble,
  title={Social-aware D2D communications: qualitative insights and quantitative analysis},
  author={Li, Yong and Wu, Ting and Hui, Pan and Jin, Depeng and Chen, Sheng},
  journal={Communications Magazine, IEEE},
  volume={52},
  number={6},
  pages={150--158},
  year={2014},
  publisher={IEEE}
}

@article{D2Darch,
  title={Device-to-device communications and small cells: enabling spectrum reuse for dense networks},
  author={Laya, Andres and Wang, Kun and Widaa, Ashraf Awadelkarim and Alonso-Zarate, Jesus and Markendahl, Jan and Alonso, Luis},
  journal={Wireless Communications, IEEE},
  volume={21},
  number={4},
  pages={98--105},
  year={2014},
  publisher={IEEE}
}

@article{prophet,
  title={Probabilistic routing in intermittently connected networks},
  author={Lindgren, Anders and Doria, Avri and Schel{\'e}n, Olov},
  journal={ACM SIGMOBILE mobile computing and communications review},
  volume={7},
  number={3},
  pages={19--20},
  year={2003},
  publisher={ACM}
}

@book{random,
  title={Random graphs},
  author={Bollob{\'a}s, B{\'e}la},
  year={1998},
  publisher={Springer}
}

%Clayson

@ARTICLE{ChaintreauTMC2007,
author={A. Chaintreau and P. Hui and J. Crowcroft and C. Diot and R. Gass and J. Scott},
journal={IEEE Transactions on Mobile Computing},
title={Impact of Human Mobility on Opportunistic Forwarding Algorithms},
year={2007},
volume={6},
number={6},
pages={606-620},
keywords={data communication;mobile computing;mobile handsets;data transfer opportunities;exponential decay;human mobility;human-carried devices;intercontact time distribution;mobility models;opportunistic forwarding algorithms;renewal theory;wireless devices;Algorithm design and analysis;Computer networks;Context;Delay;Humans;Information technology;Mobile communication;Mobile computing;Network interfaces;Protocols;Computer systems organization;algorithm/protocol design and analysis;communication/networking and information technology;mathematics of computing;mobile computing;mobile environments;probability and statistics.},
doi={10.1109/TMC.2007.1060},
ISSN={1536-1233},
month={June},}

@article{PanissonAdHocNetworks2012,
title = "On the dynamics of human proximity for data diffusion in ad-hoc networks ",
journal = "Ad Hoc Networks ",
volume = "10",
number = "8",
pages = "1532 - 1543",
year = "2012",
note = "Special Issue on Social-Based Routing in Mobile and Delay-Tolerant Networks ",
issn = "1570-8705",
doi = "http://dx.doi.org/10.1016/j.adhoc.2011.06.003",
url = "http://www.sciencedirect.com/science/article/pii/S1570870511001272",
author = "AndrÃ© Panisson and Alain Barrat and Ciro Cattuto and Wouter Van den Broeck and Giancarlo Ruffo and Rossano Schifanella",
keywords = "Mobile networks",
keywords = "Opportunistic/delay-tolerant protocols",
keywords = "Data diffusion",
keywords = "RFID "
}

@article{PappalardoNature2015,
  title={Returners and explorers dichotomy in human mobility},
  author={Pappalardo, Luca and Simini, Filippo and Rinzivillo, Salvatore and Pedreschi, Dino and Giannotti, Fosca and Barab{\'a}si, Albert-L{\'a}szl{\'o}},
  journal={Nature communications},
  volume={6},
  year={2015},
  publisher={Nature Publishing Group}
}


@article{SongNature2010,
  title={Modelling the scaling properties of human mobility},
  author={Song, Chaoming and Koren, Tal and Wang, Pu and Barab{\'a}si, Albert-L{\'a}szl{\'o}},
  journal={Nature Physics},
  volume={6},
  number={10},
  pages={818--823},
  year={2010},
  publisher={Nature Publishing Group}
}


@article{candia2008uncovering,
  title={Uncovering individual and collective human dynamics from mobile phone records},
  author={Candia, Juli{\'a}n and Gonz{\'a}lez, Marta C and Wang, Pu and Schoenharl, Timothy and Madey, Greg and Barab{\'a}si, Albert-L{\'a}szl{\'o}},
  journal={Journal of Physics A: Mathematical and Theoretical},
  volume={41},
  number={22},
  pages={224015},
  year={2008},
  publisher={IOP Publishing}
}


@inproceedings{IsaacmanMobiSys2012,
 author = {Isaacman, Sibren and Becker, Richard and C\'{a}ceres, Ram\'{o}n and Martonosi, Margaret and Rowland, James and Varshavsky, Alexander and Willinger, Walter},
 title = {Human Mobility Modeling at Metropolitan Scales},
 booktitle = {Proceedings of the 10th International Conference on Mobile Systems, Applications, and Services},
 series = {MobiSys '12},
 year = {2012},
 isbn = {978-1-4503-1301-8},
 location = {Low Wood Bay, Lake District, UK},
 pages = {239--252},
 numpages = {14},
 url = {http://doi.acm.org/10.1145/2307636.2307659},
 doi = {10.1145/2307636.2307659},
 acmid = {2307659},
 publisher = {ACM},
 address = {New York, NY, USA},
 keywords = {call detail records, human mobility patterns},
} 

@article{SermpezisTMC2015,
  title={Modelling and analysis of communication traffic heterogeneity in opportunistic networks},
  author={Sermpezis, Pavlos and Spyropoulos, Thrasyvoulos},
  journal={Mobile Computing, IEEE Transactions on},
  volume={14},
  number={11},
  pages={2316--2331},
  year={2015},
  publisher={IEEE}
}

@article{RaoTMC2015,
  title={Towards maximizing timely content delivery in delay tolerant networks},
  author={Rao, Weixiong and Zhao, Kai and Zhang, Yan and Hui, Pan and Tarkoma, Sasu},
  journal={Mobile Computing, IEEE Transactions on},
  volume={14},
  number={4},
  pages={755--769},
  year={2015},
  publisher={IEEE}
}

@INPROCEEDINGS{HossmannINFOCOM2010,
author={T. Hossmann and T. Spyropoulos and F. Legendre},
booktitle={INFOCOM, 2010 Proceedings IEEE},
title={Know Thy Neighbor: Towards Optimal Mapping of Contacts to Social Graphs for DTN Routing},
year={2010},
pages={1-9},
keywords={graph theory;mobility management (mobile radio);routing protocols;BubbleRap;DTN routing;SimBet;aggregated social graph;delay tolerant networks;mobility process;optimal mapping;spectral graph theory;Algorithm design and analysis;Communications Society;Complex networks;Computer networks;Disruption tolerant networking;Laboratories;Peer to peer computing;Performance analysis;Relays;Routing protocols},
doi={10.1109/INFCOM.2010.5462135},
ISSN={0743-166X},
month={March},}

@INPROCEEDINGS{MtibaaINFOCOM2010,
author={A. Mtibaa and M. May and C. Diot and M. Ammar},
booktitle={INFOCOM, 2010 Proceedings IEEE},
title={PeopleRank: Social Opportunistic Forwarding},
year={2010},
pages={1-5},
keywords={mobility management (mobile radio);social aspects of automation;telecommunication computing;telecommunication network routing;PageRank;PeopleRank;end-to-end paths;epidemic routing;message delivery;mobility traces;opportunistic networks;social opportunistic forwarding;Ad hoc networks;Communications Society;Costs;Disaster management;Distributed computing;Mobile communication;Network topology;Peer to peer computing;Routing;Social network services},
doi={10.1109/INFCOM.2010.5462261},
ISSN={0743-166X},
month={March},}

@inproceedings{DalyMobihoc2007,
 author = {Daly, Elizabeth M. and Haahr, Mads},
 title = {Social Network Analysis for Routing in Disconnected Delay-tolerant MANETs},
 booktitle = {Proceedings of the 8th ACM International Symposium on Mobile Ad Hoc Networking and Computing},
 series = {MobiHoc '07},
 year = {2007},
 isbn = {978-1-59593-684-4},
 location = {Montreal, Quebec, Canada},
 pages = {32--40},
 numpages = {9},
 url = {http://doi.acm.org/10.1145/1288107.1288113},
 doi = {10.1145/1288107.1288113},
 acmid = {1288113},
 publisher = {ACM},
 address = {New York, NY, USA},
 keywords = {MANETs, delay \& disruption tolerant networks, ego networks, social network analysis, sparse networks},
} 
